@misc{DM,
	author = "Garrett, E. and Duda, G.",
	title = {Dark Matter: A Primer},
	archivePrefix = "arXiv",
	eprint = "1006.2483",
	eprintclass = "hep-ph",
	year = 2010,
}
@misc{ChiralEFT,
	author = "Bishara, F. and Brod, J. and Grinstein, B. and Zupan, J.",
	title = {Chiral Effective Theory of Dark Matter Direct Detection},
	archivePrefix = "arXiv",
	eprint = "1611.00368v3",
	eprintclass = "hep-ph",
	year = 2017,
}
@misc{V,
	author = "Sala, F. and Straub, D. M.",
	title = {A New Light Particle in B Decays?},
	archivePrefix = "arXiv",
	eprint = "1704.06188v2",
	eprintclass = "hep-ph",
	year = 2017,
}
@misc{Z,
	author = "Altmannshofer, W. and Gori, S. and Profumo, S. and Queiroz, F. S.",
	title = {Explaining Dark Matter and B Decay Anomalies with an $L_\mu - L_\tau$ Model},
	archivePrefix = "arXiv",
	eprint = "1609.04026v2",
	eprintclass = "hep-ph",
	year = 2017,
}
@misc{InColour,
	author = "Altmannshofer, W. and Gori, S. and Pospelov, M. and Yavin, I.",
	title = {Dressing $L_\mu - L_\tau$ in Color},
	archivePrefix = "arXiv",
	eprint = "1403.1269v3",
	eprintclass = "hep-ph",
	year = 2016,
}
@book{Peskin,
	title = {An Introduction to Quantum Field Theory},
	author = "Peskin, M. E. and Schroeder, D.V.",
	publisher = "Perseus Books",
	year = 1995,
}
@misc{Tevatron,
	author = "Anikeev, K.",
	title = {$B$ Physics at the Tevatron: Run II and Beyond},
	archivePrefix = "arXiv",
	eprint = "0201071",
	eprintclass = "hep-ph",
	year = 2001,
}